
@INPROCEEDINGS{7980336,  author={Y. {Lin} and P. {Wang} and M. {Ma}},  booktitle={2017 ieee 3rd international conference on big data security on cloud (bigdatasecurity), ieee international conference on high performance and smart computing (hpsc), and ieee international conference on intelligent data and security (ids)},   title={Intelligent Transportation System(ITS): Concept, Challenge and Opportunity},   year={2017},  volume={},  number={},  pages={167-172},}

@article{001, 
title={STATISTICAL POCKETBOOK 2019},
journal={Mobility and Transport - European Commission},
year={May 2020},
url = {https://ec.europa.eu/transport/facts-fundings/statistics/pocketbook-2019_en}
}

@article{OSI, 
title={Information technology - Open Systems Interconnection - Basic Reference
Model: The Basic Model},
journal={ISO/IEC 7498-1},
year={1994}
}

@article{etsi, author = {ETSI},
journal={ETSI EN 302 665 V1.1.1 (2010-09)}, url={https://www.etsi.org/deliver/etsi_en/302600_302699/302665/01.01.01_60/en_302665v010101p.pdf}, title={Intelligent Transport Systems (ITS); Communications Architecture}}

@article{etsiCAM, author = {ETSI},
journal={EN 302 637-2 V1.3.1 (2014-09)}, url={https://www.etsi.org/deliver/etsi_en/302600_302699/302665/01.01.01_60/en_302665v010101p.pdf}, title={Intelligent Transport Systems (ITS);Vehicular Communications; Basic Set of Applications; Part 2: Specification of Cooperative Awareness Basic Service}}

@article{etsiDENM, author = {ETSI},
journal={EN 302 637-3 V1.2.1 (2014-09)}, url={https://www.etsi.org/deliver/etsi_en/302600_302699/302665/01.01.01_60/en_302665v010101p.pdf}, title={Intelligent Transport Systems (ITS);Vehicular Communications; Basic Set of Applications; Part 3: Specifications of Decentralized Environmental Notification Basic Service}}


@article{alam_ferreira_fonseca_2016,
title={Introduction to Intelligent Transportation Systems},
doi={10.1007/978-3-319-28183-4_1}, 
journal={Intelligent Transportation Systems Studies in Systems, Decision and Control},
author={Alam, Muhammad and Ferreira, Joaquim and Fonseca, José},
year={2016}, 
pages={1–17}}

@article{article,
author = {Santa, José and Pereniguez-Garcia, Fernando and Moragón, Antonio and Skarmeta, Antonio},
year = {2014},
month = {09},
pages = {98–120},
title = {Experimental evaluation of CAM and DENM messaging services in vehicular communications},
volume = {46},
journal = {Transportation Research Part C: Emerging Technologies},
doi = {10.1016/j.trc.2014.05.006}
}

@article{vComs,
author = {Arena, Fabio and Pau, Giovanni},
year = {2019},
month = {01},
pages = {27},
title = {An Overview of Vehicular Communications},
volume = {11},
journal = {Future Internet},
doi = {10.3390/fi11020027}
}
@article{veins,
  author = {Sommer, Christoph and German, Reinhard and Dressler, Falko},
  title = {{Bidirectionally Coupled Network and Road Traffic Simulation for Improved IVC Analysis}},
  doi = {10.1109/TMC.2010.133},
  journal = {IEEE Transactions on Mobile Computing (TMC)},
  month = {January},
  number = {1},
  pages = {3--15},
  publisher = {IEEE},
  volume = {10},
  year = {2011},
}

@inproceedings{plexe,
  author = {Segata, Michele and Joerer, Stefan and Bloessl, Bastian and Sommer, Christoph and Dressler, Falko and Lo Cigno, Renato},
  doi = {10.1109/VNC.2014.7013309},
  title = {{PLEXE: A Platooning Extension for Veins}},
  pages = {53--60},
  publisher = {IEEE},
  issn = {2157-9857},
  isbn = {978-1-4799-7660-7},
  address = {Paderborn, Germany},
  booktitle = {6th IEEE Vehicular Networking Conference (VNC 2014)},
  month = {12},
  year = {2014},
}

@article{carla,
  title={CARLA: An open urban driving simulator},
  author={Dosovitskiy, Alexey and Ros, German and Codevilla, Felipe and Lopez, Antonio and Koltun, Vladlen},
  journal={arXiv preprint arXiv:1711.03938},
  year={2017}
}

@inproceedings{ITSref,
  title={Enhance VEINS simulator for realistic evaluation scenarios},
  author={Karoui, Mouna and Kassab, Mohamed and Aniss, Hasna{\^a} and Berbineau, Marion},
  booktitle={International Workshop on Communication Technologies for Vehicles},
  pages={128--140},
  year={2017},
  organization={Springer}
}

@inproceedings{SUMO2018,
          title = {Microscopic Traffic Simulation using SUMO},
         author = {Pablo Alvarez Lopez and Michael Behrisch and Laura Bieker-Walz and Jakob Erdmann and Yun-Pang Fl{\"o}tter{\"o}d and Robert Hilbrich and Leonhard L{\"u}cken and Johannes Rummel and Peter Wagner and Evamarie Wie{\ss}ner},
      publisher = {IEEE},
      booktitle = {The 21st IEEE International Conference on Intelligent Transportation Systems},
           year = {2018},
        journal = {IEEE Intelligent Transportation Systems Conference (ITSC)},
       keywords = {traffic simulation, modelling, optimization},
            url = {https://elib.dlr.de/124092/}
 }
 
@inproceedings{vissim,
author = {Lownes, Nicholas E. and Machemehl, Randy B.},
title = {VISSIM: A Multi-Parameter Sensitivity Analysis},
year = {2006},
isbn = {1424405017},
publisher = {Winter Simulation Conference},
booktitle = {Proceedings of the 38th Conference on Winter Simulation},
pages = {1406–1413},
numpages = {8},
location = {Monterey, California},
series = {WSC '06}
}

@Inbook{omnet,
author="Varga, Andras",
editor="Wehrle, Klaus
and G{\"u}ne{\c{s}}, Mesut
and Gross, James",
title="OMNeT++",
bookTitle="Modeling and Tools for Network Simulation",
year="2010",
publisher="Springer Berlin Heidelberg",
address="Berlin, Heidelberg",
pages="35--59",
isbn="978-3-642-12331-3",
doi="10.1007/978-3-642-12331-3_3",
url="https://doi.org/10.1007/978-3-642-12331-3_3"
}


@Inbook{ns3,
author="Riley, George F.
and Henderson, Thomas R.",
editor="Wehrle, Klaus
and G{\"u}ne{\c{s}}, Mesut
and Gross, James",
title="The ns-3 Network Simulator",
bookTitle="Modeling and Tools for Network Simulation",
year="2010",
publisher="Springer Berlin Heidelberg",
address="Berlin, Heidelberg",
pages="15--34",
isbn="978-3-642-12331-3",
doi="10.1007/978-3-642-12331-3_2",
url="https://doi.org/10.1007/978-3-642-12331-3_2"
}

@INPROCEEDINGS{cacc,  author={J. {Ploeg} and B. T. M. {Scheepers} and E. {van Nunen} and N. {van de Wouw} and H. {Nijmeijer}},  booktitle={2011 14th International IEEE Conference on Intelligent Transportation Systems (ITSC)},   title={Design and experimental evaluation of cooperative adaptive cruise control},   year={2011},  volume={},  number={},  pages={260-265},}

@INPROCEEDINGS{slot-based,

  author={D. {Marinescu} and J. {Čurn} and M. {Bouroche} and V. {Cahill}},

  booktitle={2012 15th International IEEE Conference on Intelligent Transportation Systems}, 

  title={On-ramp traffic merging using cooperative intelligent vehicles: A slot-based approach}, 

  year={2012},

  volume={},

  number={},

  pages={900-906},}


@article{decorator, author = {Refactoring Guru},
journal={https://refactoring.guru/design-patterns/decorator},title={Decorator Design Pattern}}


@article{carla_simulator_2020, author = {Carla},
journal={https://carla.readthedocs.io/en/latest/},title={Carla Simulator Documentation}}

@INPROCEEDINGS{WAVE,  author={D. {Jiang} and L. {Delgrossi}},  booktitle={VTC Spring 2008 - IEEE Vehicular Technology Conference},   title={IEEE 802.11p: Towards an International Standard for Wireless Access in Vehicular Environments},   year={2008},  volume={},  number={},  pages={2036-2040},}

